<?xml version="1.0" encoding="UTF-8"?><record xmlns="http://www.loc.gov/MARC21/slim" xmlns:cinclude="http://apache.org/cocoon/include/1.0" xmlns:zs="http://www.loc.gov/zing/srw/">
  <leader>00395cz  a2200121n  4500</leader>
  <controlfield tag="001">n 2005040466</controlfield>
  <controlfield tag="003">DLC</controlfield>
  <controlfield tag="005">20050602140900.0</controlfield>
  <controlfield tag="008">050602n| acannaabn          |n aaa      </controlfield>
  <datafield tag="010" ind1=" " ind2=" ">
    <subfield code="a">n 2005040466</subfield>
  </datafield>
  <datafield tag="040" ind1=" " ind2=" ">
    <subfield code="a">DLC</subfield>
    <subfield code="b">eng</subfield>
    <subfield code="c">DLC</subfield>
  </datafield>
  <datafield tag="100" ind1="1" ind2=" ">
    <subfield code="a">Zemli︠a︡nskikh, A. V.</subfield>
  </datafield>
  <datafield tag="670" ind1=" " ind2=" ">
    <subfield code="a">Semeĭnai︠a︡ politika v Rossiĭskoĭ Federat︠s︡ii: regionalʹnye aspekty, 2004:</subfield>
    <subfield code="b">t.p. verso (A.V. Zemli︠a︡nskikh)</subfield>
  </datafield>
</record>